@Article{royer_eeg_2010,
   Author="Royer, A. S.  and Doud, A. J.  and Rose, M. L.  and He, B. ",
   Title="{{E}{E}{G} control of a virtual helicopter in 3-dimensional space using intelligent control strategies}",
   Journal="IEEE Trans Neural Syst Rehabil Eng",
   Year="2010",
   Volume="18",
   Number="6",
   Pages="581--589",
   Month="Dec"
}
@Online{moyes_bci_2012,
   Author="Moyes, Charles and Jiang, Mengxiang",
   Title="BCI using EEG",
   Url="http://people.ece.cornell.edu/land/courses/ece4760/FinalProjects/s2012/cwm55/cwm55_mj294/index.html"
   Year="2012",
}
